@article{einstein1907252,
  title={252 The relativity principle},
  author={Einstein, A},
  journal={Jahrbuch der Radioaktivitfit and Elektronik},
  volume={4},
  pages={411--462},
  year={1907}
}
